@article{kwak2013open,
  title={Open-Phylo: a customizable crowd-computing platform for multiple sequence alignment},
  author={Kwak, Daniel and Kam, Alfred and Becerra, David and Zhou, Qikuan and Hops, Adam and Zarour, Eleyine and Kam, Arthur and Sarmenta, Luis and Blanchette, Mathieu and Waldisp{\"u}hl, J{\'e}r{\^o}me},
  journal={Genome biology},
  volume={14},
  number={10},
  pages={R116},
  year={2013},
  publisher={BioMed Central}
},
@article{kawrykow2012phylo,
  title={Phylo players, Luis Sarmenta, Mathieu Blanchette, and J{\'e}r{\^o}me Waldisp{\"u}hl. Phylo: a citizen science approach for improving multiple sequence alignment},
  author={Kawrykow, Alexander and Roumanis, Gary and Kam, Alfred and Kwak, Daniel and Leung, Clarence and Wu, Chu and Zarour, Eleyine},
  journal={PloS one},
  volume={7},
  number={3},
  pages={e31362},
  year={2012}
},
@article{skibba2012galaxy,
  title={Galaxy Zoo: the environmental dependence of bars and bulges in disc galaxies},
  author={Skibba, Ramin A and Masters, Karen L and Nichol, Robert C and Zehavi, Idit and Hoyle, Ben and Edmondson, Edward M and Bamford, Steven P and Cardamone, Carolin N and Keel, William C and Lintott, Chris and others},
  journal={Monthly Notices of the Royal Astronomical Society},
  volume={423},
  number={2},
  pages={1485--1502},
  year={2012},
  publisher={Oxford University Press}
},
@article{kim2014space,
  title={Space-time wiring specificity supports direction selectivity in the retina},
  author={Kim, Jinseop S and Greene, Matthew J and Zlateski, Aleksandar and Lee, Kisuk and Richardson, Mark and Turaga, Srinivas C and Purcaro, Michael and Balkam, Matthew and Robinson, Amy and Behabadi, Bardia F and others},
  journal={Nature},
  volume={509},
  number={7500},
  pages={331--336},
  year={2014},
  publisher={Nature Research}
},
@article{cooper2010predicting,
  title={Predicting protein structures with a multiplayer online game},
  author={Cooper, Seth and Khatib, Firas and Treuille, Adrien and Barbero, Janos and Lee, Jeehyung and Beenen, Michael and Leaver-Fay, Andrew and Baker, David and Popovi{\'c}, Zoran and others},
  journal={Nature},
  volume={466},
  number={7307},
  pages={756--760},
  year={2010},
  publisher={Nature Research}
},
@article{lieberoth2015getting,
  title={Getting Humans to do Quantum Optimization-User Acquisition, Engagement and Early Results from the Citizen Cyberscience Game Quantum Moves},
  author={Lieberoth, Andreas and Pedersen, Mads Kock and Marin, Andreea Catalina and Planke, Tilo and Sherson, Jacob Friis},
  journal={arXiv preprint arXiv:1506.08761},
  year={2015}
},
@article{heinz2010simple,
  title={Simple combinations of lineage-determining transcription factors prime cis-regulatory elements required for macrophage and B cell identities},
  author={Heinz, Sven and Benner, Christopher and Spann, Nathanael and Bertolino, Eric and Lin, Yin C and Laslo, Peter and Cheng, Jason X and Murre, Cornelis and Singh, Harinder and Glass, Christopher K},
  journal={Molecular cell},
  volume={38},
  number={4},
  pages={576--589},
  year={2010},
  publisher={Elsevier}
},
@article{schwartz2003human,
  title={Human--mouse alignments with BLASTZ},
  author={Schwartz, Scott and Kent, W James and Smit, Arian and Zhang, Zheng and Baertsch, Robert and Hardison, Ross C and Haussler, David and Miller, Webb},
  journal={Genome research},
  volume={13},
  number={1},
  pages={103--107},
  year={2003},
  publisher={Cold Spring Harbor Lab}
},
@article{aken2016ensembl,
  title={Ensembl 2017},
  author={Aken, Bronwen L and Achuthan, Premanand and Akanni, Wasiu and Amode, M Ridwan and Bernsdorff, Friederike and Bhai, Jyothish and Billis, Konstantinos and Carvalho-Silva, Denise and Cummins, Carla and Clapham, Peter and others},
  journal={Nucleic acids research},
  pages={gkw1104},
  year={2016},
  publisher={Oxford Univ Press}
},
@article{lualdi2017vitro,
  title={In Vitro recapitulation of the site-specific editing (to Wild-Type) of mutant IDS mRNA transcripts, and characterization of IDS protein translated from the edited mRNAs},
  author={Lualdi, Susanna and Zotto, Genny Del and Zegarra-Moran, Olga and Pedemonte, Nicoletta and Corsolini, Fabio and Bruschi, Maurizio and Tomati, Valeria and Amico, Giulia and Candiano, Giovanni and Dardis, Andrea and others},
  journal={Human Mutation},
  year={2017},
  publisher={Wiley Online Library}
},
@article{hannenhalli1999transforming,
  title={Transforming cabbage into turnip: polynomial algorithm for sorting signed permutations by reversals},
  author={Hannenhalli, Sridhar and Pevzner, Pavel A},
  journal={Journal of the ACM (JACM)},
  volume={46},
  number={1},
  pages={1--27},
  year={1999},
  publisher={ACM}
},
@article{tannier2007advances,
  title={Advances on sorting by reversals},
  author={Tannier, Eric and Bergeron, Anne and Sagot, Marie-France},
  journal={Discrete Applied Mathematics},
  volume={155},
  number={6},
  pages={881--888},
  year={2007},
  publisher={Elsevier}
},
@article{christie2001sorting,
  title={Sorting strings by reversals and by transpositions},
  author={Christie, David A and Irving, Robert W},
  journal={SIAM Journal on Discrete Mathematics},
  volume={14},
  number={2},
  pages={193--206},
  year={2001},
  publisher={SIAM}
},
@article{chen2005assignment,
  title={Assignment of orthologous genes via genome rearrangement},
  author={Chen, Xin and Zheng, Jie and Fu, Zheng and Nan, Peng and Zhong, Yang and Lonardi, Stefano and Jiang, Tao},
  journal={IEEE/ACM Transactions on Computational Biology and Bioinformatics (TCBB)},
  volume={2},
  number={4},
  pages={302--315},
  year={2005},
  publisher={IEEE Computer Society Press}
}